@article{paper1,
  title={The effectiveness of policies that promote labor force participation of
women with children: A collection of national studies},
  author={Elizabeth U. Cascio, Steven J. Haider, Helena Skyt Nielsen},
  journal={Labour Economics},
  volume={36},
  year={2015},
  publisher={Elsevier}
}
